<?xml version="1.0" encoding="UTF-8"?><collection xmlns="http://www.loc.gov/MARC21/slim"><record><leader>00427nam--2200145-i-4500</leader><controlfield tag="001">000040572</controlfield><controlfield tag="002">20161230</controlfield><controlfield tag="005">20161230201042</controlfield><controlfield tag="008">060222s1000------------r-----000-0-eng-d</controlfield><datafield ind1=" " ind2=" " tag="080"><subfield code="a">621.313.13</subfield></datafield><datafield ind1=" " ind2=" " tag="100"><subfield code="a">Schelenz, Joachim Und Schult, Uwe</subfield></datafield><datafield ind1=" " ind2=" " tag="245"><subfield code="a">Grundlagen der magnetischen signalspeichrung. band v.klein-motoren</subfield></datafield><datafield ind1=" " ind2=" " tag="260"><subfield code="a">Berlin, Akademie-verlag, 1975, 306p</subfield></datafield><datafield ind1=" " ind2=" " tag="490"><subfield code="a">Electron.Rechnen Und Regeln</subfield></datafield><datafield ind1=" " ind2=" " tag="852"><subfield code="a">43724</subfield></datafield></record></collection>